ceton University Press},
   hon package for astronomy}",
     journal = {Astronomy and Astrophysics},
     archivePrefix = "arXiv",
     eprint = {1307.6212},
     primaryClass = "astro-ph.IM",
     keywords = {methods: data analysis, methods: miscellaneous, virtual observatory tools},
     year = 2013,
     month = oct,
     volume = 558,
     doi = {10.1051/0004-6361/201322068},
     url = {http://adsabs.harvard.edu/abs/2013A%26A...558A..33A}
 }

 @misc{fidgit,
   author = {A. M. Smith and K. Thaney and M. Hahnel},
   title = {Fidgit: An ungodly union of GitHub and Figshare},
   year = {2020},
   publisher = {GitHub},
   journal = {GitHub repository},
   url = {https://github.com/arfon/fidgit}
 }
